@inproceedings{example,
	title={This is an example},
	author={someone},
	booktitle={Network and Distributed System Security Symposium (NDSS)},
	year={2018}
}